@inproceedings{hu2016baywatch,
  title={BAYWATCH: robust beaconing detection to identify infected hosts in large-scale enterprise networks},
  author={Hu, Xin and Jang, Jiyong and Stoecklin, Marc Ph and Wang, Ting and Schales, Douglas L and Kirat, Dhilung and Rao, Josyula R},
  booktitle={2016 46th Annual IEEE/IFIP International Conference on Dependable Systems and Networks (DSN)},
  pages={479--490},
  year={2016},
  organization={IEEE}
}

@inproceedings{zhang2023global,
  author = {Zhang, Yizhe and Dong, Hongying and Nottingham, Alastair and Buchanan, Molly and Brown, Donald E. and Sun, Yixin},
  title = {Global Analysis with Aggregation-based Beaconing Detection across Large Campus Networks},
  booktitle = {ACSAC '23: Proceedings of the 39th Annual Computer Security Applications Conference},
  pages = {565--579},
  year = {2023},
  doi = {10.1145/3627106.3627126}
}

@inproceedings{apruzzese2017identifying,
  title={Identifying malicious hosts involved in periodic communications},
  author={Apruzzese, Giovanni and Marchetti, Mirco and Colajanni, Michele and Zoccoli, Gabriele Gambigliani and Guido, Alessandro},
  booktitle={2017 IEEE 16th International Symposium on Network Computing and Applications (NCA)},
  pages={1--8},
  year={2017},
  organization={IEEE}
}

@article{seo2018abnormal,
  title={Abnormal behavior detection to identify infected systems using the APChain algorithm and behavioral profiling},
  author={Seo, Jungwoo and Lee, Sangjin},
  journal={Security and Communication Networks},
  volume={2018},
  number={1},
  pages={9706706},
  year={2018},
  publisher={Wiley Online Library}
}

@inproceedings{huynh2016uncovering,
  title={Uncovering periodic network signals of cyber attacks},
  author={Huynh, Ngoc Anh and Ng, Wee Keong and Ulmer, Alex and Kohlhammer, J{\"o}rn},
  booktitle={2016 IEEE Symposium on Visualization for Cyber Security (VizSec)},
  pages={1--8},
  year={2016},
  organization={IEEE}
}

@misc{jang2021detecting,
  title={Detecting malicious beaconing communities using lockstep detection and co-occurrence graph},
  author={Jang, Jiyong and Kirat, Dhilung Hang and Kwon, Bum Jun and Schales, Douglas Lee and Stoecklin, Marc Philippe},
  year={2021},
  month=jan # "~5",
  publisher={Google Patents},
  note={US Patent 10,887,323}
}

@article{talib2022apt,
  title={APT beaconing detection: A systematic review},
  author={Talib, Manar Abu and Nasir, Qassim and Nassif, Ali Bou and Mokhamed, Takua and Ahmed, Nafisa and Mahfood, Bayan},
  journal={Computers \& Security},
  volume={122},
  pages={102875},
  year={2022},
  publisher={Elsevier}
}

@Misc{influxdb2023,
    title        = {InfluxDB 3.0 System Architecture},
    author       = "{InfluxData}",
    url          = {https://www.influxdata.com/blog/influxdb-3-0-system-architecture/},
    note         = {Accessed: 2024-08-13}
}


@Misc{bitdefender,
    title        = {Global Cybersecurity Threat Map},
    author       = "{Bitdefender}",
    url          = {https://threatmap.bitdefender.com/},
    note         = {Accessed: 2024-08-13}
}

@article{charan2021dmapt,
  title={Dmapt: Study of data mining and machine learning techniques in advanced persistent threat attribution and detection},
  author={Charan, PV Sai and Anand, P Mohan and Shukla, Sandeep K},
  journal={Data Mining-Concepts and Applications},
  pages={63},
  year={2021},
  publisher={IntechOpen}
}

@inproceedings{hagan2018peer,
  title={Peer based tracking using multi-tuple indexing for network traffic analysis and malware detection},
  author={Hagan, Matthew and Kang, BooJoong and McLaughlin, Kieran and Sezer, Sakir},
  booktitle={2018 16th Annual Conference on Privacy, Security and Trust (PST)},
  pages={1--5},
  year={2018},
  organization={IEEE}
}

@article{shalaginov2016malware,
  title={Malware beaconing detection by mining large-scale dns logs for targeted attack identification},
  author={Shalaginov, Andrii and Franke, Katrin and Huang, Xiongwei},
  journal={International Journal of Computer and Systems Engineering},
  volume={10},
  number={4},
  pages={743--755},
  year={2016}
}

@inproceedings{yeh2018malware,
  title={A malware beacon of botnet by local periodic communication behavior},
  author={Yeh, Yi-Ren and Tu, Tang Chen and Sun, Ming-Kung and Pi, Shih Ming and Huang, C-Y},
  booktitle={2018 IEEE 42nd Annual Computer Software and Applications Conference (COMPSAC)},
  volume={2},
  pages={653--657},
  year={2018},
  organization={IEEE}
}

@article{borchani2020advanced,
  title={Advanced malicious beaconing detection through AI},
  author={Borchani, Yessine},
  journal={Network Security},
  volume={2020},
  number={3},
  pages={8--14},
  year={2020},
  publisher={Elsevier}
}

@inproceedings{enright2022learning,
  title={A learning-based zero-trust architecture for 6g and future networks},
  author={Enright, Michael A and Hammad, Eman and Dutta, Ashutosh},
  booktitle={2022 IEEE Future Networks World Forum (FNWF)},
  pages={64--71},
  year={2022},
  organization={IEEE}
}

@inproceedings{van2022deepcase,
  title={Deepcase: Semi-supervised contextual analysis of security events},
  author={Van Ede, Thijs and Aghakhani, Hojjat and Spahn, Noah and Bortolameotti, Riccardo and Cova, Marco and Continella, Andrea and van Steen, Maarten and Peter, Andreas and Kruegel, Christopher and Vigna, Giovanni},
  booktitle={2022 IEEE Symposium on Security and Privacy (SP)},
  pages={522--539},
  year={2022},
  organization={IEEE}
}

@inproceedings{ongun2021portfiler,
  title={PORTFILER: port-level network profiling for self-propagating malware detection},
  author={Ongun, Talha and Spohngellert, Oliver and Miller, Benjamin and Boboila, Simona and Oprea, Alina and Eliassi-Rad, Tina and Hiser, Jason and Nottingham, Alastair and Davidson, Jack and Veeraraghavan, Malathi},
  booktitle={2021 IEEE Conference on Communications and Network Security (CNS)},
  pages={182--190},
  year={2021},
  organization={IEEE}
}

@article{niu2020malware,
  title={Malware on internet of uavs detection combining string matching and fourier transformation},
  author={Niu, Weina and Zhang, Xiyue and Zhang, Xiaosong and Du, Xiaojiang and Huang, Xiaoming and Guizani, Mohsen and others},
  journal={IEEE Internet of Things Journal},
  volume={8},
  number={12},
  pages={9905--9919},
  year={2020},
  publisher={IEEE}
}

@inproceedings{duan2018automated,
  title={Automated generation and selection of interpretable features for enterprise security},
  author={Duan, Jiayi and Zeng, Ziheng and Oprea, Alina and Vasudevan, Shobha},
  booktitle={2018 IEEE International Conference on Big Data (Big Data)},
  pages={1258--1265},
  year={2018},
  organization={IEEE}
}

@inproceedings{haffey2018modeling,
  title={Modeling, analysis, and characterization of periodic traffic on a campus edge network},
  author={Haffey, Mackenzie and Arlitt, Martin and Williamson, Carey},
  booktitle={2018 IEEE 26th International Symposium on Modeling, Analysis, and Simulation of Computer and Telecommunication Systems (MASCOTS)},
  pages={170--182},
  year={2018},
  organization={IEEE}
}

@inproceedings{oprea2018made,
  title={Made: Security analytics for enterprise threat detection},
  author={Oprea, Alina and Li, Zhou and Norris, Robin and Bowers, Kevin},
  booktitle={Proceedings of the 34th Annual Computer Security Applications Conference},
  pages={124--136},
  year={2018}
}

@inproceedings{ukrop2019will,
  title={Will you trust this tls certificate? perceptions of people working in it},
  author={Ukrop, Martin and Kraus, Lydia and Matyas, Vashek and Wahsheh, Heider Ahmad Mutleq},
  booktitle={Proceedings of the 35th annual computer security applications conference},
  pages={718--731},
  year={2019}
}

@inproceedings{vissers2017exploring,
  title={Exploring the ecosystem of malicious domain registrations in the. eu tld},
  author={Vissers, Thomas and Spooren, Jan and Agten, Pieter and Jumpertz, Dirk and Janssen, Peter and Van Wesemael, Marc and Piessens, Frank and Joosen, Wouter and Desmet, Lieven},
  booktitle={Research in Attacks, Intrusions, and Defenses: 20th International Symposium, RAID 2017, Atlanta, GA, USA, September 18--20, 2017, Proceedings},
  pages={472--493},
  year={2017},
  organization={Springer}
}
